<record><leader>00000cas a22000007a 4500</leader><controlfield tag="001">25646268</controlfield><controlfield tag="008">920414d18961uuunyuwr ne      0    0eng d</controlfield><datafield ind1=" " ind2=" " tag="010"><subfield code="a">sn 92061562 </subfield></datafield><datafield ind1=" " ind2=" " tag="040"><subfield code="a">NYS</subfield><subfield code="b">eng</subfield><subfield code="c">NYS</subfield><subfield code="d">OCLCQ</subfield></datafield><datafield ind1=" " ind2=" " tag="042"><subfield code="a">msc</subfield></datafield><datafield ind1="0" ind2="0" tag="245"><subfield code="a">Dover Plains review.</subfield></datafield><datafield ind1=" " ind2=" " tag="260"><subfield code="a">Dover Plains, Dutchess County, N.Y. :</subfield><subfield code="b">Dover Plains Print. Co.</subfield></datafield><datafield ind1=" " ind2=" " tag="300"><subfield code="a">v.</subfield></datafield><datafield ind1=" " ind2=" " tag="310"><subfield code="a">Weekly</subfield></datafield><datafield ind1="1" ind2=" " tag="362"><subfield code="a">Began in 1896.</subfield></datafield><datafield ind1=" " ind2=" " tag="500"><subfield code="a">Editor: Seth S. Deacon, 1896-</subfield></datafield><datafield ind1=" " ind2=" " tag="588"><subfield code="a">Description based on: Vol. 1, no. 3 (Sept. 18, 1896).</subfield></datafield><datafield ind1=" " ind2="4" tag="651"><subfield code="a">Dover Plains (N.Y.)</subfield><subfield code="v">Newspapers.</subfield></datafield><datafield ind1=" " ind2=" " tag="752"><subfield code="a">United States</subfield><subfield code="b">New York</subfield><subfield code="c">Dutchess</subfield><subfield code="d">Dover Plains.</subfield></datafield></record>